<?xml version="1.0" encoding="UTF-8"?><collection xmlns="http://www.loc.gov/MARC21/slim"><record><leader>00414nam--2200133-i-4500</leader><controlfield tag="001">000040615</controlfield><controlfield tag="002">20161230</controlfield><controlfield tag="005">20161230201042</controlfield><controlfield tag="008">060222s1000------------r-----000-0-eng-d</controlfield><datafield ind1=" " ind2=" " tag="100"><subfield code="a">Schnee,Walter</subfield></datafield><datafield ind1=" " ind2=" " tag="245"><subfield code="a">Uber magische quadrate und lineare giterpunktprobleme</subfield></datafield><datafield ind1=" " ind2=" " tag="260"><subfield code="a">Berlin, Akad.-verlag, 1951. 47 P</subfield></datafield><datafield ind1=" " ind2=" " tag="490"><subfield code="a">Berichte Uber Die Verhandlungen Der Sachsischen Akad.Der Wiss.Zu Leipzig, 1951</subfield></datafield><datafield ind1=" " ind2=" " tag="852"><subfield code="a">6500</subfield></datafield></record></collection>